@article{Portal2017,
	author    = {Portal, S. G. and Jaramillo, M. de J. M.},
	title     = {Diseño de un data warehouse para medir el desarrollo disciplinar en instituciones académicas},
	journal   = {Investigación Bibliotecológica},
	year      = {2017},
	volume    = {31},
	number    = {72},
	pages     = {16--45},
	url       = {https://www.scielo.org.mx/scielo.php?script=sci_arttext&pid=S0187-358X2017000200161}
}

@article{doutreligne2023,
	author    = {Doutreligne, Mathieu and Degremont, Antoine and Jachiet, Pierre-Antoine and Lamer, Antoine and Tannier, Xavier},
	title     = {Good practices for clinical data warehouse implementation: A case study in France},
	journal   = {PLOS Digital Health},
	year      = {2023},
	month     = {Jul 6},
	volume    = {2},
	number    = {7},
	pages     = {e0000298},
	doi       = {10.1371/journal.pdig.0000298},
	pmid      = {37410797},
	pmcid     = {PMC10325086},
	note      = {Erratum in: PLOS Digit Health. 2023 Sep 29;2(9):e0000369}
}

@book{kimball2013,
	author    = {Kimball, Ralph and Ross, Margy},
	title     = {The Data Warehouse Toolkit: The Definitive Guide to Dimensional Modeling},
	edition   = {3rd},
	year      = {2013},
	publisher = {Wiley}
}
@article{turcan2022,
	author    = {Turcan, G. and Peker, S.},
	title     = {A multidimensional data warehouse design to combat the health pandemics},
	journal   = {Journal of Data, Information and Management},
	year      = {2022},
	volume    = {4},
	number    = {3-4},
	pages     = {371--386},
	doi       = {10.1007/s42488-022-00082-6},
	note      = {Epub 2022 Dec 20, PMCID: PMC9763078}
}

@misc{founderzDW,
	author       = "{Founderz}",
	title        = "{¿Qué es un Data Warehouse?}",
	year         = "2024",
	url          = "https://founderz.com/es/blog/data-warehouse-que-es/",
	note         = "[Último acceso: 2 de noviembre de 2024]"
}

@misc{asteraHealthcareData,
	author       = "{Astera}",
	title        = "{Integración de datos en el sector salud}",
	year         = "2024",
	url          = "https://www.astera.com/es/type/blog/healthcare-data-integration/",
	note         = "[Último acceso: 2 de noviembre de 2024]"
}

@misc{quironsaludIntegracionClinica,
	author       = "{Quirónsalud}",
	title        = "{Integración de la información clínica desde diferentes fuentes de datos}",
	year         = "2024",
	url          = "https://www.quironsalud.com/es/comunicacion/actualidad/integracion-informacion-clinica-datos-diferentes-fuentes-cl",
	note         = "[Último acceso: 2 de noviembre de 2024]"
}

@misc{revistaMedicaManejoInformacion,
	author       = "{Revista Médica}",
	title        = "{Manejo de la información clínica}",
	year         = "2024",
	url          = "https://revistamedica.com/manejo-informacion-clinica/",
	note         = "[Último acceso: 2 de noviembre de 2024]"
}

@misc{meditecsInteroperabilidad,
	author       = "{Meditecs}",
	title        = "{Estándares de interoperabilidad en sanidad}",
	year         = "2024",
	url          = "https://www.meditecs.com/es/kb/estandares-interoperabilidad-sanidad/",
	note         = "[Último acceso: 2 de noviembre de 2024]"
}

@misc{sanidadSNOMEDCT,
	author       = "{Ministerio de Sanidad de España}",
	title        = "{Preguntas frecuentes sobre SNOMED CT}",
	year         = "2024",
	url          = "https://www.sanidad.gob.es/areas/saludDigital/interoperabilidadSemantica/factoriaRecursos/snomedCT/preguntas.htm",
	note         = "[Último acceso: 2 de noviembre de 2024]"
}

@misc{bioportalSNOMEDCT,
	author       = "{BioPortal}",
	title        = "{Concepto SNOMED CT: 44054006}",
	year         = "2024",
	url          = "https://bioportal.bioontology.org/ontologies/SNOMEDCT?p=classes&conceptid=44054006",
	note         = "[Último acceso: 2 de noviembre de 2024]"
}

@misc{loinc2345,
	author       = "{LOINC}",
	title        = "{LOINC Code 2345-7}",
	year         = "2024",
	url          = "https://loinc.org/2345-7/",
	note         = "[Último acceso: 2 de noviembre de 2024]"
}

@misc{keepcodingExtraccion,
	author       = "{KeepCoding}",
	title        = "{¿Cómo funciona la fase de extracción?}",
	year         = "2024",
	url          = "https://keepcoding.io/blog/funciona-fase-de-extraccion/",
	note         = "[Último acceso: 2 de noviembre de 2024]"
}

@misc{fbiHIPAA,
	author       = "{FBI}",
	title        = "{HIPAA: Ley de Portabilidad y Responsabilidad de Seguros de Salud}",
	year         = "2024",
	url          = "https://www.fbi.gov/file-repository/hipaa_spanish1.pdf",
	note         = "[Último acceso: 2 de noviembre de 2024]"
}

@misc{comisionEUDataProtection,
	author       = "{Comisión Europea}",
	title        = "{Protección de datos en la UE}",
	year         = "2024",
	url          = "https://commission.europa.eu/law/law-topic/data-protection/data-protection-eu_en",
	note         = "[Último acceso: 2 de noviembre de 2024]"
}

@misc{meditecsHL7,
	author       = "{Meditecs}",
	title        = "{Estándares HL7}",
	year         = "2024",
	url          = "https://www.meditecs.com/es/kb/estandares-hl7/",
	note         = "[Último acceso: 2 de noviembre de 2024]"
}

@misc{meditecsMirthConnect,
	author       = "{Meditecs}",
	title        = "{Tutorial de Mirth Connect}",
	year         = "2024",
	url          = "https://www.meditecs.com/es/kb/tutorial-mirth-connect/",
	note         = "[Último acceso: 2 de noviembre de 2024]"
}

@misc{HL7Patient,
	title = {Patient},
	author = {{HL7}},
	year = {2024},
	howpublished = {\url{https://www.hl7.org/fhir/patient.html}},
	note = {Accessed: 2024-11-02}
}

@misc{HAPI_FHIR,
	title = {HAPI FHIR R4},
	author = {{HAPI FHIR}},
	year = {2024},
	howpublished = {\url{https://hapi.fhir.org/baseR4}},
	note = {Accessed: 2024-11-02}
}

@misc{HAPI_FHIR_Patient,
	title = {Patient Resource - HAPI FHIR R4},
	author = {{HAPI FHIR}},
	year = {2024},
	howpublished = {\url{https://hapi.fhir.org/baseR4/Patient}},
	note = {Accessed: 2024-11-02}
}
@misc{KeepCodingFaseTransformacion,
	title = {¿Cómo funciona la fase de transformación en ETL?},
	author = {{KeepCoding}},
	year = {2023},
	howpublished = {\url{https://keepcoding.io/blog/funciona-fase-transformacion/}},
	note = {Accessed: 2024-11-03}
}
@misc{AsteraDataStandardization,
	title = {¿Qué es la Estandarización de Datos? Definición, Beneficios y Mejores Prácticas},
	author = {{Astera Software}},
	year = {2023},
	howpublished = {\url{https://www.astera.com/es/type/blog/data-standardization/}},
	note = {Accessed: 2024-11-03}
}

@misc{DatosMaestrosLimpiezaDatos,
	title = {Técnicas de Limpieza de Datos: Cómo limpiar datos de manera eficiente},
	author = {{Datos Maestros}},
	year = {2023},
	howpublished = {\url{https://datosmaestros.com/tecnicas-de-limpieza-de-datos/}},
	note = {Accessed: 2024-11-03}
}
@misc{ITDOSNOMEDCT,
	title = {Terminología estándar en salud: SNOMED CT como vocabulario clínico estructurado},
	author = {{ITDO}},
	year = {2024},
	howpublished = {\url{https://www.itdo.com/blog/terminologia-estandar-en-salud-snomed-ct-como-vocabulario-clinico-estructurado/}},
	note = {Accessed: 2024-11-03}
}
